@misc{MHJ_LogReg,
author = {Morten Hjorth-Jensen},
title = {Lectures Notes in FYS-STK4155. Data Analysis and Machine Learning: Linear Regression and more Advanced Regression Analysis},
year = {2019},
howpublished={\url{https://compphysics.github.io/MachineLearning/doc/pub/LogReg/html/LogReg.html}},
publisher={Unpublished},
note = "[Online; accessed 06-November-2019]"
}

@misc{MHJ_NN,
author = {Morten Hjorth-Jensen},
title = {Lectures Notes in FYS-STK4155. Data Analysis and Machine Learning: Linear Regression and more Advanced Regression Analysis},
year = {2019},
howpublished={\url{https://compphysics.github.io/MachineLearning/doc/pub/NeuralNet/html/NeuralNet.html}},
publisher={Unpublished},
note = "[Online; accessed 06-November-2019]"
}

@misc{MHJ_GD,
author = {Morten Hjorth-Jensen},
title = {Lectures Notes in FYS-STK4155. Data Analysis and Machine Learning: Linear Regression and more Advanced Regression Analysis},
year = {2019},
howpublished={\url{https://compphysics.github.io/MachineLearning/doc/pub/Splines/html/Splines.html}},
publisher={Unpublished},
note = "[Online; accessed 06-November-2019]"
}

@misc{wiki:F1_score,
   author = "Wikipedia",
   title = "{F1 score} --- {W}ikipedia{,} The Free Encyclopedia",
   year = "2019",
   howpublished = {\url{http://en.wikipedia.org/w/index.php?title=F1\%20score&oldid=924681114}},
   note = "[Online; accessed 07-November-2019]"
}

@misc{Jon_P1,
author = {Jon Andre Ottesen},
title = {FYS-STK4155 â€“ Applied data analysis and machine learning Project 1 - Regression analysis and resampling methods},
year = {2019},
howpublished={\url{https://github.com/JonOttesen/FYS-STK-Projects/tree/master/Project%201}},
publisher={Unpublished},
note = "[Online; accessed 06-November-2019]"
}
 

@book{HastieTrevor2009TEoS,
series = {Springer Series in Statistics},
publisher = {Springer New York},
booktitle = {The Elements of Statistical Learning},
isbn = {978-0-387-84857-0},
year = {2009},
title = {The Elements of Statistical Learning: Data Mining, Inference, and Prediction},
language = {eng},
address = {New York, NY},
author = {Hastie, Trevor and Tibshirani, Robert and Friedman, Jerome},
keywords = {Computer Science -- Artificial Intelligence (incl. Robotics); Computer Science -- Data Mining and Knowledge Discovery; Computer Science -- Probability Theory and Stochastic Processes; Computer Science -- Statistical Theory and Methods; Computer Science -- Computational Biology/Bioinformatics; Computer Science -- Computer Appl. in Life Sciences},
}

@article{yeh2009comparisons,
  title={The comparisons of data mining techniques for the predictive accuracy of probability of default of credit card clients},
  author={Yeh, I-Cheng and Lien, Che-hui},
  journal={Expert Systems with Applications},
  volume={36},
  number={2},
  pages={2473--2480},
  year={2009},
  publisher={Elsevier}
}