@misc{wiki:Regression_analysis,
   author = "Wikipedia",
   title = "{Regression analysis} --- {W}ikipedia{,} The Free Encyclopedia",
   year = "2019",
   howpublished = {\url{http://en.wikipedia.org/w/index.php?title=Regression\%20analysis&oldid=914514224}},
   note = "[Online; accessed 14-September-2019]"
 }
 
 @misc{MHJ_LinReg,
author = {Morten Hjorth-Jensen},
title = {Lectures Notes in FYS-STK4155. Data Analysis and Machine Learning: Linear Regression and more Advanced Regression Analysis},
year = {2019},
howpublished={\url{https://compphysics.github.io/MachineLearning/doc/pub/Regression/html/Regression.html}},
publisher={Unpublished},
note = "[Online; accessed 23-September-2019]"
}

@misc{LayDavidC2016Laai,
publisher = {Pearson},
isbn = {978-1-292-09223-2},
year = {2016},
title = {Linear algebra and its applications},
edition = {5th ed.},
language = {eng},
address = {Harlow},
author = {Lay, David C},
}