@misc{CS231,
author = {Andrej Karpathy},
title = {Convolutional Neural Networks (CNNs / ConvNets)},
year = {2019},
howpublished={\url{http://cs231n.github.io/convolutional-networks/}},
publisher={Unpublished},
note = "[Online; accessed 09-December-2019]"
}

@misc{wiki:Reinforcement_learning,
   author = "Wikipedia",
   title = "{Reinforcement learning} --- {W}ikipedia{,} The Free Encyclopedia",
   year = "2019",
   howpublished = {\url{http://en.wikipedia.org/w/index.php?title=Reinforcement\%20learning&oldid=931421705}},
   note = "[Online; accessed 19-December-2019]"
 }
 


@misc{RL,
author = {Mauro Comi},
title = {How to teach AI to play Games: Deep Reinforcement Learning},
year = {2019},
howpublished={\url{https://towardsdatascience.com/how-to-teach-an-ai-to-play-games-deep-reinforcement-learning-28f9b920440a}},
publisher={Unpublished},
note = "[Online; accessed 09-December-2019]"
}

@misc{MHJ_GD,
author = {Morten Hjorth-Jensen},
title = {Lectures Notes in FYS-STK4155. Data Analysis and Machine Learning: Linear Regression and more Advanced Regression Analysis},
year = {2019},
howpublished={\url{https://compphysics.github.io/MachineLearning/doc/pub/Splines/html/Splines.html}},
publisher={Unpublished},
note = "[Online; accessed 06-November-2019]"
}

@misc{Project2,
author = {Jon Andre Ottesen},
title = {Logistic regression and Neural Networks},
year = {2019},
howpublished={\url{https://github.com/JonOttesen/FYS-STK-Projects/tree/master/Project%202}},
publisher={Unpublished},
note = "[Online; accessed 12-Desember-2019]"
}


@misc{Greedy_H,
   author = "John Tapsell",
   title = "Nokia 6110 Part 3 – Algorithms",
   year = "2019",
   howpublished = {\url{https://johnflux.com/2015/05/02/nokia-6110-part-3-algorithms/}},
   note = "[Online; accessed 03-Desember-2019]"
}

@misc{Jon_P1,
author = {Jon Andre Ottesen},
title = {FYS-STK4155 – Applied data analysis and machine learning Project 1 - Regression analysis and resampling methods},
year = {2019},
howpublished={\url{https://github.com/JonOttesen/FYS-STK-Projects/tree/master/Project%201}},
publisher={Unpublished},
note = "[Online; accessed 06-November-2019]"
}
 

@book{HastieTrevor2009TEoS,
series = {Springer Series in Statistics},
publisher = {Springer New York},
booktitle = {The Elements of Statistical Learning},
isbn = {978-0-387-84857-0},
year = {2009},
title = {The Elements of Statistical Learning: Data Mining, Inference, and Prediction},
language = {eng},
address = {New York, NY},
author = {Hastie, Trevor and Tibshirani, Robert and Friedman, Jerome},
keywords = {Computer Science -- Artificial Intelligence (incl. Robotics); Computer Science -- Data Mining and Knowledge Discovery; Computer Science -- Probability Theory and Stochastic Processes; Computer Science -- Statistical Theory and Methods; Computer Science -- Computational Biology/Bioinformatics; Computer Science -- Computer Appl. in Life Sciences},
}

@article{yeh2009comparisons,
  title={The comparisons of data mining techniques for the predictive accuracy of probability of default of credit card clients},
  author={Yeh, I-Cheng and Lien, Che-hui},
  journal={Expert Systems with Applications},
  volume={36},
  number={2},
  pages={2473--2480},
  year={2009},
  publisher={Elsevier}
}